<?xml version="1.0" encoding="UTF-8"?><record xmlns="http://www.loc.gov/MARC21/slim" xmlns:cinclude="http://apache.org/cocoon/include/1.0" xmlns:zs="http://www.loc.gov/zing/srw/">
  <leader>00466nz  a2200157n  4500</leader>
  <controlfield tag="001">n  95007782 </controlfield>
  <controlfield tag="003">DLC</controlfield>
  <controlfield tag="005">19950125110837.6</controlfield>
  <controlfield tag="008">950125n| acannaab|          |a aaa |||  </controlfield>
  <datafield tag="010" ind1=" " ind2=" ">
    <subfield code="a">n  95007782 </subfield>
  </datafield>
  <datafield tag="040" ind1=" " ind2=" ">
    <subfield code="a">DLC</subfield>
    <subfield code="c">DLC</subfield>
  </datafield>
  <datafield tag="100" ind1="1" ind2="0">
    <subfield code="a">Westerlinck, Wilfried,</subfield>
    <subfield code="d">1945-</subfield>
    <subfield code="t">Canto,</subfield>
    <subfield code="n">no. 2</subfield>
  </datafield>
  <datafield tag="400" ind1="1" ind2="0">
    <subfield code="a">Westerlinck, Wilfried,</subfield>
    <subfield code="d">1945-</subfield>
    <subfield code="t">Canto II</subfield>
  </datafield>
  <datafield tag="400" ind1="1" ind2="0">
    <subfield code="a">Westerlinck, Wilfried,</subfield>
    <subfield code="d">1945-</subfield>
    <subfield code="t">Canto 2</subfield>
  </datafield>
  <datafield tag="400" ind1="1" ind2="0">
    <subfield code="a">Westerlinck, Wilfried,</subfield>
    <subfield code="d">1945-</subfield>
    <subfield code="t">Canto twee</subfield>
  </datafield>
  <datafield tag="670" ind1=" " ind2=" ">
    <subfield code="a">Canto II, c1992.</subfield>
  </datafield>
</record>